
@ARTICLE{Hossain2021-ns,
  title   = "Handwritten Bangla numerical digit recognition using fine
             regulated Deep Neural Network",
  author  = "Hossain, Md Shahadat and Hossain, Md Anwar and Abadin, Afm Zainul
             and Ahmed, Md Manik",
  journal = "Eng. int.",
  volume  =  9,
  number  =  2,
  pages   = "73--84",
  year    =  2021
}

@INPROCEEDINGS{Siddique2019-ku,
  title           = "Recognition of handwritten digit using convolutional
                     neural network in python with tensorflow and comparison of
                     performance for various hidden layers",
  booktitle       = "2019 5th International Conference on Advances in
                     Electrical Engineering ({ICAEE})",
  author          = "Siddique, Fathma and Sakib, Shadman and Siddique, Md Abu
                     Bakr",
  publisher       = "IEEE",
  year            =  2019
}

@ARTICLE{Bharadwaj2020-wf,
  title   = "Effective handwritten digit recognition using deep convolution
             neural network",
  author  = "Bharadwaj, Yellapragada S S",
  journal = "Int. j. adv. trends comput. sci. eng.",
  volume  =  9,
  number  =  2,
  pages   = "1335--1339",
  year    =  2020
}


@INPROCEEDINGS{saadat2016b,
    title =        "Towards optimal convolutional neural network parameters for Bengali handwritten numerals recognition",
    author =       "Al Mehdi Saadat Chowdhury and M. Shahidur Rahman",
    booktitle =	   "Proceedings of 19th International Conference on Computer and Information Technology (ICCIT)",
    pages = "431--436",
    year = 2016,
    address = "Dhaka"
}

